% Encoding: UTF-8

@inproceedings{vaswani2017attention,
title="Attention is All you Need",
author="Ashish {Vaswani} and Noam {Shazeer} and Niki {Parmar} and Jakob {Uszkoreit} and Llion {Jones} and Aidan N. {Gomez} and Lukasz {Kaiser} and Illia {Polosukhin}",
booktitle="Proceedings of the 31st International Conference on Neural Information Processing Systems",
volume="30",
pages="5998--6008",
year="2017"
}

@Comment{jabref-meta: databaseType:biblatex;}
